@article{Bergman2015CommutativeIG,
  title={Commutative idempotent groupoids and the constraint satisfaction problem},
  author={C. Bergman and David Failing},
  journal={Algebra universalis},
  year={2015},
  volume={73},
  pages={391-417}
}